
    <zs:record>
      <zs:recordSchema/>
      <zs:recordPacking>xml</zs:recordPacking>
      <zs:recordData>
        <record xmlns="http://www.loc.gov/MARC21/slim">
          <leader>01472nam a2200373 a 4500</leader>
          <controlfield tag="001">4332740</controlfield>
          <controlfield tag="005">19910910115230.2</controlfield>
          <controlfield tag="008">880309m19879999enka     b    000 0 eng  </controlfield>
          <datafield tag="035" ind1=" " ind2=" ">
            <subfield code="9">(DLC)   88118533</subfield>
          </datafield>
          <datafield tag="906" ind1=" " ind2=" ">
            <subfield code="a">7</subfield>
            <subfield code="b">cbc</subfield>
            <subfield code="c">orignew</subfield>
            <subfield code="d">3</subfield>
            <subfield code="e">ncip</subfield>
            <subfield code="f">19</subfield>
            <subfield code="g">y-gencatlg</subfield>
          </datafield>
          <datafield tag="955" ind1=" " ind2=" ">
            <subfield code="a">rb04; rc03; ep67 11-10-88; arr 5618; ea36 to SCD 08-20-91; fd11 08-27-91; fl40 09-10-91</subfield>
          </datafield>
          <datafield tag="010" ind1=" " ind2=" ">
            <subfield code="a">   88118533 </subfield>
          </datafield>
          <datafield tag="020" ind1=" " ind2=" ">
            <subfield code="a">0947693017 (v. 2)</subfield>
          </datafield>
          <datafield tag="040" ind1=" " ind2=" ">
            <subfield code="a">DLC</subfield>
            <subfield code="c">DLC</subfield>
            <subfield code="d">DLC</subfield>
          </datafield>
          <datafield tag="043" ind1=" " ind2=" ">
            <subfield code="a">e-uk-en</subfield>
          </datafield>
          <datafield tag="050" ind1="0" ind2="0">
            <subfield code="a">DA690.L67</subfield>
            <subfield code="b">J66 1987</subfield>
          </datafield>
          <datafield tag="082" ind1="0" ind2="0">
            <subfield code="a">942.5/34</subfield>
            <subfield code="2">20</subfield>
          </datafield>
          <datafield tag="100" ind1="1" ind2=" ">
            <subfield code="a">Jones, Stanley.</subfield>
          </datafield>
          <datafield tag="245" ind1="1" ind2="4">
            <subfield code="a">The survey of ancient houses in Lincoln /</subfield>
            <subfield code="c">Stanley Jones, Kathleen Major, and Joan Varley.</subfield>
          </datafield>
          <datafield tag="260" ind1=" " ind2=" ">
            <subfield code="a">Lincoln :</subfield>
            <subfield code="b">Lincoln Civic Trust,</subfield>
            <subfield code="c">&lt;1987-    &gt;</subfield>
          </datafield>
          <datafield tag="300" ind1=" " ind2=" ">
            <subfield code="a">v. &lt;2   &gt; :</subfield>
            <subfield code="b">ill. ;</subfield>
            <subfield code="c">30 cm. +</subfield>
            <subfield code="e">4 microfiches (negative, ill. ; 11 x 15 cm.)</subfield>
          </datafield>
          <datafield tag="500" ind1=" " ind2=" ">
            <subfield code="a">Cover title.</subfield>
          </datafield>
          <datafield tag="500" ind1=" " ind2=" ">
            <subfield code="a">Abstracts of and extracts from sources (4 microfiches) in pocket of v. 2.</subfield>
          </datafield>
          <datafield tag="504" ind1=" " ind2=" ">
            <subfield code="a">Includes bibliographical references.</subfield>
          </datafield>
          <datafield tag="505" ind1="1" ind2=" ">
            <subfield code="a">    v. 2. Houses to the south and west of the Minster</subfield>
          </datafield>
          <datafield tag="650" ind1=" " ind2="0">
            <subfield code="a">Historic buildings</subfield>
            <subfield code="z">England</subfield>
            <subfield code="z">Lincoln.</subfield>
          </datafield>
          <datafield tag="650" ind1=" " ind2="0">
            <subfield code="a">Architecture, Domestic</subfield>
            <subfield code="z">England</subfield>
            <subfield code="z">Lincoln.</subfield>
          </datafield>
          <datafield tag="650" ind1=" " ind2="0">
            <subfield code="a">Dwellings</subfield>
            <subfield code="z">England</subfield>
            <subfield code="z">Lincoln.</subfield>
          </datafield>
          <datafield tag="651" ind1=" " ind2="0">
            <subfield code="a">Lincoln (England)</subfield>
            <subfield code="x">Antiquities.</subfield>
          </datafield>
          <datafield tag="700" ind1="1" ind2=" ">
            <subfield code="a">Major, Kathleen.</subfield>
          </datafield>
          <datafield tag="700" ind1="1" ind2=" ">
            <subfield code="a">Varley, Joan.</subfield>
          </datafield>
          <datafield tag="922" ind1=" " ind2=" ">
            <subfield code="a">ap;</subfield>
            <subfield code="a">invoice no.095069 dtd Aug 18, 1988</subfield>
          </datafield>
          <datafield tag="952" ind1=" " ind2=" ">
            <subfield code="a">Complete in 3 v.--Vol. 2, pref.</subfield>
          </datafield>
          <datafield tag="991" ind1=" " ind2=" ">
            <subfield code="b">c-GenColl</subfield>
            <subfield code="h">DA690.L67</subfield>
            <subfield code="i">J66 1987</subfield>
            <subfield code="t">Copy 1</subfield>
            <subfield code="w">BOOKS</subfield>
          </datafield>
        </record>
      </zs:recordData>
      <zs:recordPosition>3</zs:recordPosition>
    </zs:record>